<?xml version="1.0" encoding="UTF-8"?><collection xmlns="http://www.loc.gov/MARC21/slim"><record><leader>00563nam--2200181-i-4500</leader><controlfield tag="001">000024052</controlfield><controlfield tag="002">20161230</controlfield><controlfield tag="005">20161230201035</controlfield><controlfield tag="008">060222s1000------------r-----000-0-eng-d</controlfield><datafield ind1=" " ind2=" " tag="020"><subfield code="a">0878495053</subfield></datafield><datafield ind1=" " ind2=" " tag="040"><subfield code="a">IFIN-HH</subfield></datafield><datafield ind1=" " ind2=" " tag="080"><subfield code="a">539.213(061.3)</subfield></datafield><datafield ind1="1" ind2=" " tag="100"><subfield code="a">Frischat, G.H</subfield></datafield><datafield ind1="1" ind2="0" tag="245"><subfield code="a">The physics of non-crystalline solids</subfield><subfield code="b">Fourth international conference clausthal-zellerfeld, 1976</subfield><subfield code="c">G.h. frischat (ed.)</subfield></datafield><datafield ind1=" " ind2=" " tag="260"><subfield code="a">Aedermannsdorf, Switzerland</subfield><subfield code="b">Trans Tech Publications</subfield><subfield code="c">1977</subfield></datafield><datafield ind1=" " ind2=" " tag="300"><subfield code="a">XV+680P</subfield></datafield><datafield ind1=" " ind2=" " tag="852"><subfield code="a">49222</subfield><subfield code="c">539.21</subfield></datafield><datafield ind1=" " ind2=" " tag="CAT"><subfield code="a">Sys</subfield><subfield code="c">20121206</subfield><subfield code="h">123436</subfield></datafield></record></collection>